@INPROCEEDINGS{3View,  
    title={3View deep canonical correlation analysis for cross-modal retrieval},   
    author={J. {Shao} and Z. {Zhao} and F. {Su} and T. {Yue}},  year={2015},  
    volume={},  
    number={},  
    pages={1-4},
    booktitle={2015 Visual Communications and Image Processing (VCIP)},
}, 
   
 @inproceedings{andrew2013deep,
  title={Deep canonical correlation analysis},
  author={Andrew, Galen and Arora, Raman and Bilmes, Jeff and Livescu, Karen},
  booktitle={International Conference on Machine Learning},
  pages={1247--1255},
  year={2013}
}


@article{ivanov2009maternal,
  title={Maternal--fetal heartbeat phase synchronization},
  author={Ivanov, Plamen Ch and Ma, Qianli DY and Bartsch, Ronny P},
  journal={Proceedings of the National Academy of Sciences},
  volume={106},
  number={33},
  pages={13641--13642},
  year={2009},
  publisher={National Acad Sciences}
}

@article{van2009influence,
  title={Influence of paced maternal breathing on fetal--maternal heart rate coordination},
  author={Van Leeuwen, Peter and Geue, Daniel and Thiel, Marco and Cysarz, Dirk and Lange, Silke and Romano, M Carmen and Wessel, Niels and Kurths, J{\"u}rgen and Gr{\"o}nemeyer, DH},
  journal={Proceedings of the National Academy of Sciences},
  volume={106},
  number={33},
  pages={13661--13666},
  year={2009},
  publisher={National Acad Sciences}
}

@article{yoon2019human,
  title={Human heart rhythms synchronize while co-sleeping},
  author={Yoon, Heenam and Choi, Sang Ho and Kim, Sang Kyong and Kwon, Hyun Bin and Oh, Seong Min and Choi, Jae-Won and Lee, Yu Jin and Jeong, Do-Un and Park, Kwang Suk},
  journal={Frontiers in Physiology},
  volume={10},
  pages={190},
  year={2019},
  publisher={Frontiers}
}

@article{beal2003cohesion,
  title={Cohesion and performance in groups: a meta-analytic clarification of construct relations.},
  author={Beal, Daniel J and Cohen, Robin R and Burke, Michael J and McLendon, Christy L},
  journal={Journal of Applied Psychology},
  volume={88},
  number={6},
  pages={989},
  year={2003},
  publisher={American Psychological Association}
}

@article{lodahl1961psychometric,
  title={Psychometric score patterns, social characteristics, and productivity of small industrial work groups.},
  author={Lodahl, Thomas M and Porter, Lyman W},
  journal={Journal of Applied Psychology},
  volume={45},
  number={2},
  pages={73},
  year={1961},
  publisher={American Psychological Association}
}
@article{mullen1994relation,
  title={The relation between group cohesiveness and performance: An integration.},
  author={Mullen, Brian and Copper, Carolyn},
  journal={Psychological Bulletin},
  volume={115},
  number={2},
  pages={210},
  year={1994},
  publisher={American Psychological Association}
}

@article{burlingame2001cohesion,
  title={Cohesion in group psychotherapy.},
  author={Burlingame, Gary M and Fuhriman, Addie and Johnson, Jennifer E},
  journal={Psychotherapy: Theory, Research, Practice, Training},
  volume={38},
  number={4},
  pages={373},
  year={2001},
  publisher={Division of Psychotherapy (29), American Psychological Association}
}
@article{bednar1971empirical,
  title={Empirical research in group psychotherapy},
  author={Bednar, Richard L and Lawlis, G Frank},
  journal={Handbook of Psychotherapy and Behavior Change},
  volume={812},
  pages={838},
  year={1971},
  publisher={Wiley New York}
}
@article{podsakoff1994examination,
  title={An examination of the psychometric properties and nomological validity of some revised and reduced substitutes for leadership scales.},
  author={Podsakoff, Philip M and MacKenzie, Scott B},
  journal={Journal of Applied Psychology},
  volume={79},
  number={5},
  pages={702},
  year={1994},
  publisher={American Psychological Association}
}

@inproceedings{collins2019explorations,
  title={Explorations of Team Dynamics: Advances in Theory and Methodology},
  author={Collins, Catherine Grace and Kozlowski, Steve WJ and Luciano, Margaret M and O'Neill, Thomas Alexander},
  booktitle={Academy of Management Proceedings},
  volume={2019},
  number={1},
  pages={15775},
  year={2019},
  organization={Academy of Management Briarcliff Manor, NY 10510}
}
@article{palumbo2017interpersonal,
  title={Interpersonal autonomic physiology: A systematic review of the literature},
  author={Palumbo, Richard V and Marraccini, Marisa E and Weyandt, Lisa L and Wilder-Smith, Oliver and McGee, Heather A and Liu, Siwei and Goodwin, Matthew S},
  journal={Personality and Social Psychology Review},
  volume={21},
  number={2},
  pages={99--141},
  year={2017},
  publisher={Sage Publications Sage CA: Los Angeles, CA}
}
@article{akinola2010measuring,
  title={Measuring the pulse of an organization: Integrating physiological measures into the organizational scholar's toolbox},
  author={Akinola, Modupe},
  journal={Research in Organizational Behavior},
  volume={30},
  pages={203--223},
  year={2010},
  publisher={Elsevier}
}
@inproceedings{chikersal2017deep,
  title={Deep structures of collaboration: physiological correlates of collective intelligence and group satisfaction},
  author={Chikersal, Prerna and Tomprou, Maria and Kim, Young Ji and Woolley, Anita Williams and Dabbish, Laura},
  booktitle={Proceedings of the 2017 ACM Conference on Computer Supported Cooperative Work and Social Computing},
  pages={873--888},
  year={2017}
}

@article{stogdill1972group,
  title={Group productivity, drive, and cohesiveness.},
  author={Stogdill, Ralph M},
  journal={Organizational Behavior \& Human Performance},
  year={1972},
  publisher={Elsevier Science}
}

@article{cartwright1968nature,
  title={The nature of group cohesiveness},
  author={Cartwright, Dorwin},
  journal={Group Dynamics: Research and theory},
  volume={91},
  pages={109},
  year={1968}
}
@article{ivanov2001,
  title={From 1/f noise to multifractal cascades in heartbeat dynamics},
  author={Ivanov, Plamen Ch and Nunes Amaral, Lu{\i}ÃÅs A and Goldberger, Ary L and Havlin, Shlomo and Rosenblum, Michael G and Stanley, H Eugene and Struzik, Zbigniew R},
  journal={Chaos: An Interdisciplinary Journal of Nonlinear Science},
  volume={11},
  number={3},
  pages={641--652},
  year={2001},
  publisher={American Institute of Physics}
}
@article{danyluck2018intergroup,
  title={Intergroup dissimilarity predicts physiological synchrony and affiliation in intergroup interaction},
  author={Danyluck, Chad and Page-Gould, Elizabeth},
  journal={Journal of Experimental Social Psychology},
  volume={74},
  pages={111--120},
  year={2018},
  publisher={Elsevier}
}
@article{wallot2016multidimensional,
  title={Multidimensional Recurrence Quantification Analysis (MdRQA) for the analysis of multidimensional time-series: A software implementation in MATLAB and its application to group-level data in joint action},
  author={Wallot, Sebastian and Roepstorff, Andreas and M{\o}nster, Dan},
  journal={Frontiers in Psychology},
  volume={7},
  pages={1835},
  year={2016},
  publisher={Frontiers}
}
@article{gordon2020physio,
    title={Physiological and Behavioral Synchrony Predict Group Cohesion and Performance},
    author={Gordon, Ilanit and Gilboa, Avi and Cohen, Shai and Milstein, Nir and Haimovich, Nir and Pinhasi, Shay and Siegman, Shahar},
    journal={Scientific Reports},
    volume={10},
    year={2020},
    pages={8484},
    publisher={Nature Publishing Group}
}

@article{williams2019demystifying,
  title={Demystifying deep convolutional neural networks for sonar image classification},
  author={Williams, David P},
  year={2019},
  publisher={CMRE}
}

@article{schafer1998heartbeat,
  title={Heartbeat synchronized with ventilation},
  author={Sch{\"a}fer, Carsten and Rosenblum, Michael G and Kurths, J{\"u}rgen and Abel, Hans-Henning},
  journal={Nature},
  volume={392},
  number={6673},
  pages={239--240},
  year={1998},
  publisher={Nature Publishing Group}
}

@phdthesis{abp2017symmetry,
  title={Symmetry of Interpersonal Rhythmic Coordination: The Case of a Three-Person Drumming Task},
  author={Ariyabuddhiphongs, Kris},
  year={2017},
  school={University of Cincinnati}
}

@phdthesis{jar202physiological,
    title={Physiological Synchrony and Affective Protosocial Dynamics},
    author={J{\"a}rvel{\"a}, Simo},
    year={2020},
    school={University of Helsinki}
}

@article{monster2016physiological,
  title={Physiological evidence of interpersonal dynamics in a cooperative production task},
  author={M{\o}nster, Dan and H{\aa}konsson, Dorthe D{\o}jbak and Eskildsen, Jacob Kj{\ae}r and Wallot, Sebastian},
  journal={Physiology \& behavior},
  volume={156},
  pages={24--34},
  year={2016},
  publisher={Elsevier}
}

@article{behrens2020physiological,
  title={Physiological synchrony is associated with cooperative success in real-life interactions},
  author={Behrens, F and Snijdewint, JA and Moulder, RG and Prochazkova, E and Sjak-Shie, EE and Boker, SM and Kret, ME},
  journal={Scientific reports},
  volume={10},
  number={1},
  pages={1--9},
  year={2020},
  publisher={Nature Publishing Group}
}

@article{shahal2020synchronization,
  title={Synchronization of complex human networks},
  author={Shahal, Shir and Wurzberg, Ateret and Sibony, Inbar and Duadi, Hamootal and Shniderman, Elad and Weymouth, Daniel and Davidson, Nir and Fridman, Moti},
  journal={Nature communications},
  volume={11},
  number={1},
  pages={1--10},
  year={2020},
  publisher={Nature Publishing Group}
}

@article{malik1996heart,
  title={Heart rate variability: Standards of measurement, physiological interpretation, and clinical use},
  author={Malik, Marek and Bigger, J Thomas and Camm, A John and Kleiger, Robert E and Malliani, Alberto and Moss, Arthur J and Schwartz, Peter J},
  journal={European heart journal},
  volume={17},
  number={3},
  pages={354--381},
  year={1996},
  publisher={Oxford University Press}
}

@article{Esco2014Ultrashort,
title={Ultra-short-term heart rate variability indexes at rest and post-exercise in 
      athletes: evaluating the agreement with accepted recommendations.},
author={Esco, Michael R and Flatt, Andrew A},
journal={Journal of sports science & medicine},
volume={13},
number={3},
pages={535--541},
year={2014},
publisher={Uludag University},
howpublished={\url"https://www.ncbi.nlm.nih.gov/pmc/articles/PMC4126289/"}
}

@misc{HealioQRSChart,
title={{QRS} complex},
author={Healio},
year={2017},
note = {Online; accessed Jan 26, 2021},
howpublished = { https://www.healio.com/cardiology/learn-the-heart/ecg-review/ecg-interpretation-tutorial/qrs-complex}
}


@article{stein1994heart,
  title={Heart rate variability: a measure of cardiac autonomic tone},
  author={Stein, Phyllis K and Bosner, Matthew S and Kleiger, Robert E and Conger, Brooke M},
  journal={American heart journal},
  volume={127},
  number={5},
  pages={1376--1381},
  year={1994},
  publisher={Elsevier}
}

